@article{aakj16,
author = {Arthur, E. G. and Arthur, G. L. and Keeler, M. R. and Bryan JN.},
journal = {Veterinary SurgeryJan;},
number = {1},
pages = {30-5},
title = {Risk of osteosarcoma in dogs after open fracture fixation},
volume = {45},
year = {2016},
}

@article{bcioa14,
author = {Baird, A. E. and Carter, S. D. and Innes, J. F. and Ollier, W. E. and Short AD.},
journal = {Connective tissue researchAug},
number = {55},
pages = {4},
title = {Genetic basis of cranial cruciate ligament rupture (CCLR) in dogs},
volume = {1},
year = {2014},
}

@article{bmmbbsm21,
author = {Baker, L. A. and Momen, M. and McNally, R. and Berres, M. E. and Binversie, E. E. and Sample, S. J. and Muir, P.},
journal = {Frontiers in GeneticsMar},
pages = {12},
title = {Biologically enhanced genome-wide association study provides further evidence for candidate loci and discovers novel loci that influence risk of anterior cruciate ligament rupture in a dog model},
volume = {5},
year = {2021},
unidentified = {593515},
}

@article{bp11,
author = {Basu, S. and Pan, W.},
journal = {Genetic epidemiologyNov;},
number = {7},
pages = {606-19},
title = {Comparison of statistical tests for disease association with rare variants},
volume = {35},
year = {2011},
}

@article{bd20,
author = {Bekker, J. and Davis, J.},
journal = {Machine LearningApr;},
pages = {719-60},
title = {Learning from positive and unlabeled data: A survey},
volume = {109},
year = {2020},
}

@article{ccma20,
author = {Cook, S. R. and Conzemius, M. G. and McCue, M. E. and Ekenstedt KJ. SNP‚Äêbased heritability and},
journal = {Animal geneticsOct;},
number = {5},
pages = {824-8},
title = {and genetic architecture of cranial cruciate ligament rupture in Labrador Retrievers},
volume = {51},
year = {2020},
}

@article{eehbh21,
author = {Engdahl, K. and Emanuelson, U. and H{"o}glund, O. and Bergstr{"o}m, A. and Hanson, J.},
journal = {Scientific ReportsMay},
number = {11},
pages = {1},
title = {The epidemiology of cruciate ligament rupture in an insured Swedish dog population},
volume = {5},
year = {2021},
}

@article{gr04,
author = {Gu, W. and Swihart RK.},
journal = {Effects of non-detection of species occurrence on wildlife--habitat models},
month = {Apr},
number = {116},
pages = {195-203},
title = {Absent or undetected?},
volume = {1},
year = {2004},
unidentified = {Biological conservation (2},
}

@article{hmhcbhkr19,
author = {Healey, E. and Murphy, R. J. and Hayward, J. J. and Castelhano, M. and Boyko, A. R. and Hayashi, K. and Krotscheck, U. and Todhunter RJ.},
journal = {PloS oneOct},
pages = {14},
title = {Genetic mapping of distal femoral, stifle, and tibial radiographic morphology in dogs with cranial cruciate ligament disease},
volume = {17},
year = {2019},
unidentified = {10):e0223094},
}

@article{l18,
author = {Lydersen, S.},
journal = {Tidsskrift for Den norske legeforeningSep},
title = {Balanced or imbalanced samples?},
volume = {17},
year = {2018},
}

@article{i84,
author = {McManus IC.},
journal = {CortexSep},
number = {20},
pages = {3},
title = {The power of a procedure for detecting mixture distributions in laterality data},
volume = {1},
year = {1984},
}

@article{wr07,
author = {Wang, T. and Elston RC.},
journal = {The american journal of human geneticsFeb},
number = {80},
pages = {2},
title = {Improved power by use of a weighted score test for linkage disequilibrium mapping},
volume = {1},
year = {2007},
}

@article{wrehim08,
author = {Waxman, A. S. and Robinson, D. A. and Evans, R. B. and Hulse, D. A. and Innes, J. F. and Conzemius MG.},
journal = {Veterinary SurgeryApr;},
number = {3},
pages = {241-6},
title = {Relationship between objective and subjective assessment of limb function in normal dogs with an experimentally induced lameness},
volume = {37},
year = {2008},
}

@article{wcvj13,
author = {Wylie, C. E. and Collins, S. N. and Verheyen, K. L. and Newton JR.},
journal = {The Veterinary JournalOct},
number = {198},
pages = {1},
title = {Risk factors for equine laminitis: A case-control study conducted in veterinary-registered horses and ponies in Great Britain between 2009 and 2011},
volume = {1},
year = {2013},
}
